%YAML 1.1
%TAG !u! tag:unity3d.com,2011:
--- !u!1 &8228715664178704613
GameObject:
  m_ObjectHideFlags: 0
  m_CorrespondingSourceObject: {fileID: 0}
  m_PrefabInstance: {fileID: 0}
  m_PrefabAsset: {fileID: 0}
  serializedVersion: 6
  m_Component:
  - component: {fileID: 8228715664178704612}
  - component: {fileID: 8228715664178704610}
  - component: {fileID: 8228715664178704611}
  m_Layer: 5
  m_Name: Text (TMP)
  m_TagString: Untagged
  m_Icon: {fileID: 0}
  m_NavMeshLayer: 0
  m_StaticEditorFlags: 0
  m_IsActive: 1
--- !u!224 &8228715664178704612
RectTransform:
  m_ObjectHideFlags: 0
  m_CorrespondingSourceObject: {fileID: 0}
  m_PrefabInstance: {fileID: 0}
  m_PrefabAsset: {fileID: 0}
  m_GameObject: {fileID: 8228715664178704613}
  m_LocalRotation: {x: -0, y: -0, z: -0, w: 1}
  m_LocalPosition: {x: 0, y: 0, z: 0}
  m_LocalScale: {x: 1, y: 1, z: 1}
  m_Children: []
  m_Father: {fileID: 8228715665101468968}
  m_RootOrder: 0
  m_LocalEulerAnglesHint: {x: 0, y: 0, z: 0}
  m_AnchorMin: {x: 0, y: 0}
  m_AnchorMax: {x: 1, y: 1}
  m_AnchoredPosition: {x: 0.000061035156, y: 0}
  m_SizeDelta: {x: 0, y: 0}
  m_Pivot: {x: 0.5, y: 0.5}
--- !u!222 &8228715664178704610
CanvasRenderer:
  m_ObjectHideFlags: 0
  m_CorrespondingSourceObject: {fileID: 0}
  m_PrefabInstance: {fileID: 0}
  m_PrefabAsset: {fileID: 0}
  m_GameObject: {fileID: 8228715664178704613}
  m_CullTransparentMesh: 0
--- !u!114 &8228715664178704611
MonoBehaviour:
  m_ObjectHideFlags: 0
  m_CorrespondingSourceObject: {fileID: 0}
  m_PrefabInstance: {fileID: 0}
  m_PrefabAsset: {fileID: 0}
  m_GameObject: {fileID: 8228715664178704613}
  m_Enabled: 1
  m_EditorHideFlags: 0
  m_Script: {fileID: 11500000, guid: f4688fdb7df04437aeb418b961361dc5, type: 3}
  m_Name: 
  m_EditorClassIdentifier: 
  m_Material: {fileID: 0}
  m_Color: {r: 1, g: 1, b: 1, a: 1}
  m_RaycastTarget: 1
  m_OnCullStateChanged:
    m_PersistentCalls:
      m_Calls: []
    m_TypeName: UnityEngine.UI.MaskableGraphic+CullStateChangedEvent, UnityEngine.UI,
      Version=1.0.0.0, Culture=neutral, PublicKeyToken=null
  m_text: Nom du squelette
  m_isRightToLeft: 0
  m_fontAsset: {fileID: 11400000, guid: deecb7490a80b40249d4791a983944b9, type: 2}
  m_sharedMaterial: {fileID: -6014997978123185610, guid: deecb7490a80b40249d4791a983944b9,
    type: 2}
  m_fontSharedMaterials: []
  m_fontMaterial: {fileID: 0}
  m_fontMaterials: []
  m_fontColor32:
    serializedVersion: 2
    rgba: 4294967295
  m_fontColor: {r: 1, g: 1, b: 1, a: 1}
  m_enableVertexGradient: 0
  m_colorMode: 3
  m_fontColorGradient:
    topLeft: {r: 1, g: 1, b: 1, a: 1}
    topRight: {r: 1, g: 1, b: 1, a: 1}
    bottomLeft: {r: 1, g: 1, b: 1, a: 1}
    bottomRight: {r: 1, g: 1, b: 1, a: 1}
  m_fontColorGradientPreset: {fileID: 0}
  m_spriteAsset: {fileID: 0}
  m_tintAllSprites: 0
  m_overrideHtmlColors: 0
  m_faceColor:
    serializedVersion: 2
    rgba: 4294967295
  m_outlineColor:
    serializedVersion: 2
    rgba: 4278190080
  m_fontSize: 46
  m_fontSizeBase: 46
  m_fontWeight: 400
  m_enableAutoSizing: 0
  m_fontSizeMin: 18
  m_fontSizeMax: 72
  m_fontStyle: 1
  m_textAlignment: 513
  m_characterSpacing: 0
  m_wordSpacing: 0
  m_lineSpacing: 0
  m_lineSpacingMax: 0
  m_paragraphSpacing: 0
  m_charWidthMaxAdj: 0
  m_enableWordWrapping: 1
  m_wordWrappingRatios: 0.4
  m_overflowMode: 0
  m_firstOverflowCharacterIndex: -1
  m_linkedTextComponent: {fileID: 0}
  m_isLinkedTextComponent: 0
  m_isTextTruncated: 0
  m_enableKerning: 1
  m_enableExtraPadding: 0
  checkPaddingRequired: 0
  m_isRichText: 1
  m_parseCtrlCharacters: 1
  m_isOrthographic: 1
  m_isCullingEnabled: 0
  m_ignoreRectMaskCulling: 0
  m_ignoreCulling: 1
  m_horizontalMapping: 0
  m_verticalMapping: 0
  m_uvLineOffset: 0
  m_geometrySortingOrder: 0
  m_VertexBufferAutoSizeReduction: 1
  m_firstVisibleCharacter: 0
  m_useMaxVisibleDescender: 1
  m_pageToDisplay: 1
  m_margin: {x: 30, y: 0, z: 30, w: 0}
  m_textInfo:
    textComponent: {fileID: 8228715664178704611}
    characterCount: 16
    spriteCount: 0
    spaceCount: 2
    wordCount: 3
    linkCount: 0
    lineCount: 1
    pageCount: 1
    materialCount: 1
  m_isUsingLegacyAnimationComponent: 0
  m_isVolumetricText: 0
  m_spriteAnimator: {fileID: 0}
  m_hasFontAssetChanged: 0
  m_subTextObjects:
  - {fileID: 0}
  - {fileID: 0}
  - {fileID: 0}
  - {fileID: 0}
  - {fileID: 0}
  - {fileID: 0}
  - {fileID: 0}
  - {fileID: 0}
  m_baseMaterial: {fileID: 0}
  m_maskOffset: {x: 0, y: 0, z: 0, w: 0}
--- !u!1 &8228715664650259114
GameObject:
  m_ObjectHideFlags: 0
  m_CorrespondingSourceObject: {fileID: 0}
  m_PrefabInstance: {fileID: 0}
  m_PrefabAsset: {fileID: 0}
  serializedVersion: 6
  m_Component:
  - component: {fileID: 8228715664650259113}
  - component: {fileID: 8228715664650259111}
  - component: {fileID: 8228715664650259112}
  m_Layer: 5
  m_Name: Descriptif_Panel
  m_TagString: Untagged
  m_Icon: {fileID: 0}
  m_NavMeshLayer: 0
  m_StaticEditorFlags: 0
  m_IsActive: 1
--- !u!224 &8228715664650259113
RectTransform:
  m_ObjectHideFlags: 0
  m_CorrespondingSourceObject: {fileID: 0}
  m_PrefabInstance: {fileID: 0}
  m_PrefabAsset: {fileID: 0}
  m_GameObject: {fileID: 8228715664650259114}
  m_LocalRotation: {x: 0, y: 0, z: 0, w: 1}
  m_LocalPosition: {x: 0, y: 0, z: 0}
  m_LocalScale: {x: 1, y: 1, z: 1}
  m_Children:
  - {fileID: 8228715666054459008}
  m_Father: {fileID: 8228715665483606044}
  m_RootOrder: 2
  m_LocalEulerAnglesHint: {x: 0, y: 0, z: 0}
  m_AnchorMin: {x: 0.5, y: 0.5}
  m_AnchorMax: {x: 0.5, y: 0.5}
  m_AnchoredPosition: {x: -278.1, y: -70}
  m_SizeDelta: {x: 643.6, y: 220}
  m_Pivot: {x: 0.5, y: 0.5}
--- !u!222 &8228715664650259111
CanvasRenderer:
  m_ObjectHideFlags: 0
  m_CorrespondingSourceObject: {fileID: 0}
  m_PrefabInstance: {fileID: 0}
  m_PrefabAsset: {fileID: 0}
  m_GameObject: {fileID: 8228715664650259114}
  m_CullTransparentMesh: 0
--- !u!114 &8228715664650259112
MonoBehaviour:
  m_ObjectHideFlags: 0
  m_CorrespondingSourceObject: {fileID: 0}
  m_PrefabInstance: {fileID: 0}
  m_PrefabAsset: {fileID: 0}
  m_GameObject: {fileID: 8228715664650259114}
  m_Enabled: 1
  m_EditorHideFlags: 0
  m_Script: {fileID: 11500000, guid: fe87c0e1cc204ed48ad3b37840f39efc, type: 3}
  m_Name: 
  m_EditorClassIdentifier: 
  m_Material: {fileID: 0}
  m_Color: {r: 0.42475083, g: 0.5808343, b: 0.7830189, a: 1}
  m_RaycastTarget: 1
  m_OnCullStateChanged:
    m_PersistentCalls:
      m_Calls: []
    m_TypeName: UnityEngine.UI.MaskableGraphic+CullStateChangedEvent, UnityEngine.UI,
      Version=1.0.0.0, Culture=neutral, PublicKeyToken=null
  m_Sprite: {fileID: 21300000, guid: 8f6d7ea8bb2814f159af82108a3bbb45, type: 3}
  m_Type: 1
  m_PreserveAspect: 0
  m_FillCenter: 1
  m_FillMethod: 4
  m_FillAmount: 1
  m_FillClockwise: 1
  m_FillOrigin: 0
  m_UseSpriteMesh: 0
  m_PixelsPerUnitMultiplier: 1
--- !u!1 &8228715665101468969
GameObject:
  m_ObjectHideFlags: 0
  m_CorrespondingSourceObject: {fileID: 0}
  m_PrefabInstance: {fileID: 0}
  m_PrefabAsset: {fileID: 0}
  serializedVersion: 6
  m_Component:
  - component: {fileID: 8228715665101468968}
  - component: {fileID: 8228715665101468966}
  - component: {fileID: 8228715665101468967}
  m_Layer: 5
  m_Name: Title_Panel
  m_TagString: Untagged
  m_Icon: {fileID: 0}
  m_NavMeshLayer: 0
  m_StaticEditorFlags: 0
  m_IsActive: 1
--- !u!224 &8228715665101468968
RectTransform:
  m_ObjectHideFlags: 0
  m_CorrespondingSourceObject: {fileID: 0}
  m_PrefabInstance: {fileID: 0}
  m_PrefabAsset: {fileID: 0}
  m_GameObject: {fileID: 8228715665101468969}
  m_LocalRotation: {x: 0, y: 0, z: 0, w: 1}
  m_LocalPosition: {x: 0, y: 0, z: 0}
  m_LocalScale: {x: 1, y: 1, z: 1}
  m_Children:
  - {fileID: 8228715664178704612}
  m_Father: {fileID: 8228715665483606044}
  m_RootOrder: 1
  m_LocalEulerAnglesHint: {x: 0, y: 0, z: 0}
  m_AnchorMin: {x: 0.5, y: 0.5}
  m_AnchorMax: {x: 0.5, y: 0.5}
  m_AnchoredPosition: {x: 87.5, y: 127.5}
  m_SizeDelta: {x: 1035, y: 100}
  m_Pivot: {x: 0.5, y: 0.5}
--- !u!222 &8228715665101468966
CanvasRenderer:
  m_ObjectHideFlags: 0
  m_CorrespondingSourceObject: {fileID: 0}
  m_PrefabInstance: {fileID: 0}
  m_PrefabAsset: {fileID: 0}
  m_GameObject: {fileID: 8228715665101468969}
  m_CullTransparentMesh: 0
--- !u!114 &8228715665101468967
MonoBehaviour:
  m_ObjectHideFlags: 0
  m_CorrespondingSourceObject: {fileID: 0}
  m_PrefabInstance: {fileID: 0}
  m_PrefabAsset: {fileID: 0}
  m_GameObject: {fileID: 8228715665101468969}
  m_Enabled: 1
  m_EditorHideFlags: 0
  m_Script: {fileID: 11500000, guid: fe87c0e1cc204ed48ad3b37840f39efc, type: 3}
  m_Name: 
  m_EditorClassIdentifier: 
  m_Material: {fileID: 0}
  m_Color: {r: 0.42475083, g: 0.5808343, b: 0.7830189, a: 1}
  m_RaycastTarget: 1
  m_OnCullStateChanged:
    m_PersistentCalls:
      m_Calls: []
    m_TypeName: UnityEngine.UI.MaskableGraphic+CullStateChangedEvent, UnityEngine.UI,
      Version=1.0.0.0, Culture=neutral, PublicKeyToken=null
  m_Sprite: {fileID: 21300000, guid: 8f6d7ea8bb2814f159af82108a3bbb45, type: 3}
  m_Type: 1
  m_PreserveAspect: 0
  m_FillCenter: 1
  m_FillMethod: 4
  m_FillAmount: 1
  m_FillClockwise: 1
  m_FillOrigin: 0
  m_UseSpriteMesh: 0
  m_PixelsPerUnitMultiplier: 1
--- !u!1 &8228715665438435242
GameObject:
  m_ObjectHideFlags: 0
  m_CorrespondingSourceObject: {fileID: 0}
  m_PrefabInstance: {fileID: 0}
  m_PrefabAsset: {fileID: 0}
  serializedVersion: 6
  m_Component:
  - component: {fileID: 8228715665438435241}
  - component: {fileID: 8228715665438435239}
  - component: {fileID: 8228715665438435240}
  m_Layer: 5
  m_Name: Buttons
  m_TagString: Untagged
  m_Icon: {fileID: 0}
  m_NavMeshLayer: 0
  m_StaticEditorFlags: 0
  m_IsActive: 1
--- !u!224 &8228715665438435241
RectTransform:
  m_ObjectHideFlags: 0
  m_CorrespondingSourceObject: {fileID: 0}
  m_PrefabInstance: {fileID: 0}
  m_PrefabAsset: {fileID: 0}
  m_GameObject: {fileID: 8228715665438435242}
  m_LocalRotation: {x: 0, y: 0, z: 0, w: 1}
  m_LocalPosition: {x: 0, y: 0, z: 0}
  m_LocalScale: {x: 1, y: 1, z: 1}
  m_Children:
  - {fileID: 9126562446103198443}
  - {fileID: 851814278885178361}
  - {fileID: 851814278643559194}
  - {fileID: 851814277509629734}
  m_Father: {fileID: 8228715665483606044}
  m_RootOrder: 3
  m_LocalEulerAnglesHint: {x: 0, y: 0, z: 0}
  m_AnchorMin: {x: 0.5, y: 0.5}
  m_AnchorMax: {x: 0.5, y: 0.5}
  m_AnchoredPosition: {x: 345, y: -70}
  m_SizeDelta: {x: 520, y: 220}
  m_Pivot: {x: 0.5, y: 0.5}
--- !u!222 &8228715665438435239
CanvasRenderer:
  m_ObjectHideFlags: 0
  m_CorrespondingSourceObject: {fileID: 0}
  m_PrefabInstance: {fileID: 0}
  m_PrefabAsset: {fileID: 0}
  m_GameObject: {fileID: 8228715665438435242}
  m_CullTransparentMesh: 0
--- !u!114 &8228715665438435240
MonoBehaviour:
  m_ObjectHideFlags: 0
  m_CorrespondingSourceObject: {fileID: 0}
  m_PrefabInstance: {fileID: 0}
  m_PrefabAsset: {fileID: 0}
  m_GameObject: {fileID: 8228715665438435242}
  m_Enabled: 1
  m_EditorHideFlags: 0
  m_Script: {fileID: 11500000, guid: 8a8695521f0d02e499659fee002a26c2, type: 3}
  m_Name: 
  m_EditorClassIdentifier: 
  m_Padding:
    m_Left: 0
    m_Right: 0
    m_Top: 0
    m_Bottom: 0
  m_ChildAlignment: 4
  m_StartCorner: 0
  m_StartAxis: 0
  m_CellSize: {x: 255, y: 105}
  m_Spacing: {x: 10, y: 10}
  m_Constraint: 1
  m_ConstraintCount: 2
--- !u!1 &8228715665483606045
GameObject:
  m_ObjectHideFlags: 0
  m_CorrespondingSourceObject: {fileID: 0}
  m_PrefabInstance: {fileID: 0}
  m_PrefabAsset: {fileID: 0}
  serializedVersion: 6
  m_Component:
  - component: {fileID: 8228715665483606044}
  - component: {fileID: 8228715665483606042}
  - component: {fileID: 8228715665483606043}
  - component: {fileID: 8228715665483606041}
  - component: {fileID: 8228715665483606040}
  m_Layer: 5
  m_Name: SqueletteDescriptifPanel
  m_TagString: Untagged
  m_Icon: {fileID: 0}
  m_NavMeshLayer: 0
  m_StaticEditorFlags: 0
  m_IsActive: 1
--- !u!224 &8228715665483606044
RectTransform:
  m_ObjectHideFlags: 0
  m_CorrespondingSourceObject: {fileID: 0}
  m_PrefabInstance: {fileID: 0}
  m_PrefabAsset: {fileID: 0}
  m_GameObject: {fileID: 8228715665483606045}
  m_LocalRotation: {x: 0, y: 0, z: 0, w: 1}
  m_LocalPosition: {x: 0, y: 0, z: 0}
  m_LocalScale: {x: 1, y: 1, z: 1}
  m_Children:
  - {fileID: 1114102683402136746}
  - {fileID: 8228715665101468968}
  - {fileID: 8228715664650259113}
  - {fileID: 8228715665438435241}
  m_Father: {fileID: 0}
  m_RootOrder: 0
  m_LocalEulerAnglesHint: {x: 0, y: 0, z: 0}
  m_AnchorMin: {x: 0.5, y: 0}
  m_AnchorMax: {x: 0.5, y: 0}
  m_AnchoredPosition: {x: 0, y: 0}
  m_SizeDelta: {x: 1309.4, y: 458.9}
  m_Pivot: {x: 0.5, y: 0}
--- !u!222 &8228715665483606042
CanvasRenderer:
  m_ObjectHideFlags: 0
  m_CorrespondingSourceObject: {fileID: 0}
  m_PrefabInstance: {fileID: 0}
  m_PrefabAsset: {fileID: 0}
  m_GameObject: {fileID: 8228715665483606045}
  m_CullTransparentMesh: 0
--- !u!114 &8228715665483606043
MonoBehaviour:
  m_ObjectHideFlags: 0
  m_CorrespondingSourceObject: {fileID: 0}
  m_PrefabInstance: {fileID: 0}
  m_PrefabAsset: {fileID: 0}
  m_GameObject: {fileID: 8228715665483606045}
  m_Enabled: 1
  m_EditorHideFlags: 0
  m_Script: {fileID: 11500000, guid: fe87c0e1cc204ed48ad3b37840f39efc, type: 3}
  m_Name: 
  m_EditorClassIdentifier: 
  m_Material: {fileID: 0}
  m_Color: {r: 0.6179246, g: 0.78646237, b: 1, a: 1}
  m_RaycastTarget: 1
  m_OnCullStateChanged:
    m_PersistentCalls:
      m_Calls: []
    m_TypeName: UnityEngine.UI.MaskableGraphic+CullStateChangedEvent, UnityEngine.UI,
      Version=1.0.0.0, Culture=neutral, PublicKeyToken=null
  m_Sprite: {fileID: 21300000, guid: f111f927f93014031bec9f4a5fc92aed, type: 3}
  m_Type: 1
  m_PreserveAspect: 0
  m_FillCenter: 1
  m_FillMethod: 4
  m_FillAmount: 1
  m_FillClockwise: 1
  m_FillOrigin: 0
  m_UseSpriteMesh: 0
  m_PixelsPerUnitMultiplier: 1
--- !u!225 &8228715665483606041
CanvasGroup:
  m_ObjectHideFlags: 0
  m_CorrespondingSourceObject: {fileID: 0}
  m_PrefabInstance: {fileID: 0}
  m_PrefabAsset: {fileID: 0}
  m_GameObject: {fileID: 8228715665483606045}
  m_Enabled: 1
  m_Alpha: 1
  m_Interactable: 1
  m_BlocksRaycasts: 1
  m_IgnoreParentGroups: 0
--- !u!114 &8228715665483606040
MonoBehaviour:
  m_ObjectHideFlags: 0
  m_CorrespondingSourceObject: {fileID: 0}
  m_PrefabInstance: {fileID: 0}
  m_PrefabAsset: {fileID: 0}
  m_GameObject: {fileID: 8228715665483606045}
  m_Enabled: 1
  m_EditorHideFlags: 0
  m_Script: {fileID: 11500000, guid: 03789024ab46f4242940958b77627b91, type: 3}
  m_Name: 
  m_EditorClassIdentifier: 
  Title: {fileID: 8228715664178704611}
  Description: {fileID: 8228715666054459007}
  datas: {fileID: 0}
  RequirementBu:
  - {fileID: 4810838717317474321}
  - {fileID: 4015479074231134467}
  - {fileID: 4015479074392013280}
  - {fileID: 4015479073392334300}
  ID: 0
--- !u!1 &8228715666054459009
GameObject:
  m_ObjectHideFlags: 0
  m_CorrespondingSourceObject: {fileID: 0}
  m_PrefabInstance: {fileID: 0}
  m_PrefabAsset: {fileID: 0}
  serializedVersion: 6
  m_Component:
  - component: {fileID: 8228715666054459008}
  - component: {fileID: 8228715666054459006}
  - component: {fileID: 8228715666054459007}
  m_Layer: 5
  m_Name: Text (TMP)
  m_TagString: Untagged
  m_Icon: {fileID: 0}
  m_NavMeshLayer: 0
  m_StaticEditorFlags: 0
  m_IsActive: 1
--- !u!224 &8228715666054459008
RectTransform:
  m_ObjectHideFlags: 0
  m_CorrespondingSourceObject: {fileID: 0}
  m_PrefabInstance: {fileID: 0}
  m_PrefabAsset: {fileID: 0}
  m_GameObject: {fileID: 8228715666054459009}
  m_LocalRotation: {x: -0, y: -0, z: -0, w: 1}
  m_LocalPosition: {x: 0, y: 0, z: 0}
  m_LocalScale: {x: 1, y: 1, z: 1}
  m_Children: []
  m_Father: {fileID: 8228715664650259113}
  m_RootOrder: 0
  m_LocalEulerAnglesHint: {x: 0, y: 0, z: 0}
  m_AnchorMin: {x: 0, y: 0}
  m_AnchorMax: {x: 1, y: 1}
  m_AnchoredPosition: {x: 0.000061035156, y: 0}
  m_SizeDelta: {x: 0, y: 0}
  m_Pivot: {x: 0.5, y: 0.5}
--- !u!222 &8228715666054459006
CanvasRenderer:
  m_ObjectHideFlags: 0
  m_CorrespondingSourceObject: {fileID: 0}
  m_PrefabInstance: {fileID: 0}
  m_PrefabAsset: {fileID: 0}
  m_GameObject: {fileID: 8228715666054459009}
  m_CullTransparentMesh: 0
--- !u!114 &8228715666054459007
MonoBehaviour:
  m_ObjectHideFlags: 0
  m_CorrespondingSourceObject: {fileID: 0}
  m_PrefabInstance: {fileID: 0}
  m_PrefabAsset: {fileID: 0}
  m_GameObject: {fileID: 8228715666054459009}
  m_Enabled: 1
  m_EditorHideFlags: 0
  m_Script: {fileID: 11500000, guid: f4688fdb7df04437aeb418b961361dc5, type: 3}
  m_Name: 
  m_EditorClassIdentifier: 
  m_Material: {fileID: 0}
  m_Color: {r: 1, g: 1, b: 1, a: 1}
  m_RaycastTarget: 1
  m_OnCullStateChanged:
    m_PersistentCalls:
      m_Calls: []
    m_TypeName: UnityEngine.UI.MaskableGraphic+CullStateChangedEvent, UnityEngine.UI,
      Version=1.0.0.0, Culture=neutral, PublicKeyToken=null
  m_text: 'Description '
  m_isRightToLeft: 0
  m_fontAsset: {fileID: 11400000, guid: deecb7490a80b40249d4791a983944b9, type: 2}
  m_sharedMaterial: {fileID: -6014997978123185610, guid: deecb7490a80b40249d4791a983944b9,
    type: 2}
  m_fontSharedMaterials: []
  m_fontMaterial: {fileID: 0}
  m_fontMaterials: []
  m_fontColor32:
    serializedVersion: 2
    rgba: 4294967295
  m_fontColor: {r: 1, g: 1, b: 1, a: 1}
  m_enableVertexGradient: 0
  m_colorMode: 3
  m_fontColorGradient:
    topLeft: {r: 1, g: 1, b: 1, a: 1}
    topRight: {r: 1, g: 1, b: 1, a: 1}
    bottomLeft: {r: 1, g: 1, b: 1, a: 1}
    bottomRight: {r: 1, g: 1, b: 1, a: 1}
  m_fontColorGradientPreset: {fileID: 0}
  m_spriteAsset: {fileID: 0}
  m_tintAllSprites: 0
  m_overrideHtmlColors: 0
  m_faceColor:
    serializedVersion: 2
    rgba: 4294967295
  m_outlineColor:
    serializedVersion: 2
    rgba: 4278190080
  m_fontSize: 36
  m_fontSizeBase: 36
  m_fontWeight: 400
  m_enableAutoSizing: 0
  m_fontSizeMin: 18
  m_fontSizeMax: 72
  m_fontStyle: 1
  m_textAlignment: 257
  m_characterSpacing: 0
  m_wordSpacing: 0
  m_lineSpacing: 0
  m_lineSpacingMax: 0
  m_paragraphSpacing: 0
  m_charWidthMaxAdj: 0
  m_enableWordWrapping: 1
  m_wordWrappingRatios: 0.4
  m_overflowMode: 0
  m_firstOverflowCharacterIndex: -1
  m_linkedTextComponent: {fileID: 0}
  m_isLinkedTextComponent: 0
  m_isTextTruncated: 0
  m_enableKerning: 1
  m_enableExtraPadding: 0
  checkPaddingRequired: 0
  m_isRichText: 1
  m_parseCtrlCharacters: 1
  m_isOrthographic: 1
  m_isCullingEnabled: 0
  m_ignoreRectMaskCulling: 0
  m_ignoreCulling: 1
  m_horizontalMapping: 0
  m_verticalMapping: 0
  m_uvLineOffset: 0
  m_geometrySortingOrder: 0
  m_VertexBufferAutoSizeReduction: 1
  m_firstVisibleCharacter: 0
  m_useMaxVisibleDescender: 1
  m_pageToDisplay: 1
  m_margin: {x: 30, y: 30, z: 30, w: 30}
  m_textInfo:
    textComponent: {fileID: 8228715666054459007}
    characterCount: 12
    spriteCount: 0
    spaceCount: 1
    wordCount: 1
    linkCount: 0
    lineCount: 1
    pageCount: 1
    materialCount: 1
  m_isUsingLegacyAnimationComponent: 0
  m_isVolumetricText: 0
  m_spriteAnimator: {fileID: 0}
  m_hasFontAssetChanged: 0
  m_subTextObjects:
  - {fileID: 0}
  - {fileID: 0}
  - {fileID: 0}
  - {fileID: 0}
  - {fileID: 0}
  - {fileID: 0}
  - {fileID: 0}
  - {fileID: 0}
  m_baseMaterial: {fileID: 0}
  m_maskOffset: {x: 0, y: 0, z: 0, w: 0}
--- !u!1001 &524693471545578837
PrefabInstance:
  m_ObjectHideFlags: 0
  serializedVersion: 2
  m_Modification:
    m_TransformParent: {fileID: 8228715665438435241}
    m_Modifications:
    - target: {fileID: 5011272448173653316, guid: 99d84538da5534b51a1157a9d31693cf,
        type: 3}
      propertyPath: m_Name
      value: Bu_FosRequirement
      objectReference: {fileID: 0}
    - target: {fileID: 8782025724934909886, guid: 99d84538da5534b51a1157a9d31693cf,
        type: 3}
      propertyPath: m_LocalPosition.x
      value: 0
      objectReference: {fileID: 0}
    - target: {fileID: 8782025724934909886, guid: 99d84538da5534b51a1157a9d31693cf,
        type: 3}
      propertyPath: m_LocalPosition.y
      value: 0
      objectReference: {fileID: 0}
    - target: {fileID: 8782025724934909886, guid: 99d84538da5534b51a1157a9d31693cf,
        type: 3}
      propertyPath: m_LocalPosition.z
      value: 0
      objectReference: {fileID: 0}
    - target: {fileID: 8782025724934909886, guid: 99d84538da5534b51a1157a9d31693cf,
        type: 3}
      propertyPath: m_LocalRotation.x
      value: 0
      objectReference: {fileID: 0}
    - target: {fileID: 8782025724934909886, guid: 99d84538da5534b51a1157a9d31693cf,
        type: 3}
      propertyPath: m_LocalRotation.y
      value: 0
      objectReference: {fileID: 0}
    - target: {fileID: 8782025724934909886, guid: 99d84538da5534b51a1157a9d31693cf,
        type: 3}
      propertyPath: m_LocalRotation.z
      value: 0
      objectReference: {fileID: 0}
    - target: {fileID: 8782025724934909886, guid: 99d84538da5534b51a1157a9d31693cf,
        type: 3}
      propertyPath: m_LocalRotation.w
      value: 1
      objectReference: {fileID: 0}
    - target: {fileID: 8782025724934909886, guid: 99d84538da5534b51a1157a9d31693cf,
        type: 3}
      propertyPath: m_RootOrder
      value: 0
      objectReference: {fileID: 0}
    - target: {fileID: 8782025724934909886, guid: 99d84538da5534b51a1157a9d31693cf,
        type: 3}
      propertyPath: m_LocalEulerAnglesHint.x
      value: 0
      objectReference: {fileID: 0}
    - target: {fileID: 8782025724934909886, guid: 99d84538da5534b51a1157a9d31693cf,
        type: 3}
      propertyPath: m_LocalEulerAnglesHint.y
      value: 0
      objectReference: {fileID: 0}
    - target: {fileID: 8782025724934909886, guid: 99d84538da5534b51a1157a9d31693cf,
        type: 3}
      propertyPath: m_LocalEulerAnglesHint.z
      value: 0
      objectReference: {fileID: 0}
    - target: {fileID: 8782025724934909886, guid: 99d84538da5534b51a1157a9d31693cf,
        type: 3}
      propertyPath: m_AnchoredPosition.x
      value: 0
      objectReference: {fileID: 0}
    - target: {fileID: 8782025724934909886, guid: 99d84538da5534b51a1157a9d31693cf,
        type: 3}
      propertyPath: m_AnchoredPosition.y
      value: 0
      objectReference: {fileID: 0}
    - target: {fileID: 8782025724934909886, guid: 99d84538da5534b51a1157a9d31693cf,
        type: 3}
      propertyPath: m_SizeDelta.x
      value: 0
      objectReference: {fileID: 0}
    - target: {fileID: 8782025724934909886, guid: 99d84538da5534b51a1157a9d31693cf,
        type: 3}
      propertyPath: m_SizeDelta.y
      value: 0
      objectReference: {fileID: 0}
    - target: {fileID: 8782025724934909886, guid: 99d84538da5534b51a1157a9d31693cf,
        type: 3}
      propertyPath: m_AnchorMin.x
      value: 0
      objectReference: {fileID: 0}
    - target: {fileID: 8782025724934909886, guid: 99d84538da5534b51a1157a9d31693cf,
        type: 3}
      propertyPath: m_AnchorMin.y
      value: 0
      objectReference: {fileID: 0}
    - target: {fileID: 8782025724934909886, guid: 99d84538da5534b51a1157a9d31693cf,
        type: 3}
      propertyPath: m_AnchorMax.x
      value: 0
      objectReference: {fileID: 0}
    - target: {fileID: 8782025724934909886, guid: 99d84538da5534b51a1157a9d31693cf,
        type: 3}
      propertyPath: m_AnchorMax.y
      value: 0
      objectReference: {fileID: 0}
    - target: {fileID: 8782025724934909886, guid: 99d84538da5534b51a1157a9d31693cf,
        type: 3}
      propertyPath: m_Pivot.x
      value: 0.5
      objectReference: {fileID: 0}
    - target: {fileID: 8782025724934909886, guid: 99d84538da5534b51a1157a9d31693cf,
        type: 3}
      propertyPath: m_Pivot.y
      value: 0.5
      objectReference: {fileID: 0}
    m_RemovedComponents: []
  m_SourcePrefab: {fileID: 100100000, guid: 99d84538da5534b51a1157a9d31693cf, type: 3}
--- !u!1 &4810838717317474321 stripped
GameObject:
  m_CorrespondingSourceObject: {fileID: 5011272448173653316, guid: 99d84538da5534b51a1157a9d31693cf,
    type: 3}
  m_PrefabInstance: {fileID: 524693471545578837}
  m_PrefabAsset: {fileID: 0}
--- !u!224 &9126562446103198443 stripped
RectTransform:
  m_CorrespondingSourceObject: {fileID: 8782025724934909886, guid: 99d84538da5534b51a1157a9d31693cf,
    type: 3}
  m_PrefabInstance: {fileID: 524693471545578837}
  m_PrefabAsset: {fileID: 0}
--- !u!1001 &5876379357337363205
PrefabInstance:
  m_ObjectHideFlags: 0
  serializedVersion: 2
  m_Modification:
    m_TransformParent: {fileID: 8228715665483606044}
    m_Modifications:
    - target: {fileID: 4679092459472728236, guid: ac57bcdcc6f4046eea8077eb112d7f67,
        type: 3}
      propertyPath: m_Name
      value: Bu_Return
      objectReference: {fileID: 0}
    - target: {fileID: 6844065814303625135, guid: ac57bcdcc6f4046eea8077eb112d7f67,
        type: 3}
      propertyPath: m_LocalPosition.x
      value: 0
      objectReference: {fileID: 0}
    - target: {fileID: 6844065814303625135, guid: ac57bcdcc6f4046eea8077eb112d7f67,
        type: 3}
      propertyPath: m_LocalPosition.y
      value: 0
      objectReference: {fileID: 0}
    - target: {fileID: 6844065814303625135, guid: ac57bcdcc6f4046eea8077eb112d7f67,
        type: 3}
      propertyPath: m_LocalPosition.z
      value: 0
      objectReference: {fileID: 0}
    - target: {fileID: 6844065814303625135, guid: ac57bcdcc6f4046eea8077eb112d7f67,
        type: 3}
      propertyPath: m_LocalRotation.x
      value: -0
      objectReference: {fileID: 0}
    - target: {fileID: 6844065814303625135, guid: ac57bcdcc6f4046eea8077eb112d7f67,
        type: 3}
      propertyPath: m_LocalRotation.y
      value: -0
      objectReference: {fileID: 0}
    - target: {fileID: 6844065814303625135, guid: ac57bcdcc6f4046eea8077eb112d7f67,
        type: 3}
      propertyPath: m_LocalRotation.z
      value: -0
      objectReference: {fileID: 0}
    - target: {fileID: 6844065814303625135, guid: ac57bcdcc6f4046eea8077eb112d7f67,
        type: 3}
      propertyPath: m_LocalRotation.w
      value: 1
      objectReference: {fileID: 0}
    - target: {fileID: 6844065814303625135, guid: ac57bcdcc6f4046eea8077eb112d7f67,
        type: 3}
      propertyPath: m_RootOrder
      value: 0
      objectReference: {fileID: 0}
    - target: {fileID: 6844065814303625135, guid: ac57bcdcc6f4046eea8077eb112d7f67,
        type: 3}
      propertyPath: m_LocalEulerAnglesHint.x
      value: 0
      objectReference: {fileID: 0}
    - target: {fileID: 6844065814303625135, guid: ac57bcdcc6f4046eea8077eb112d7f67,
        type: 3}
      propertyPath: m_LocalEulerAnglesHint.y
      value: 0
      objectReference: {fileID: 0}
    - target: {fileID: 6844065814303625135, guid: ac57bcdcc6f4046eea8077eb112d7f67,
        type: 3}
      propertyPath: m_LocalEulerAnglesHint.z
      value: 0
      objectReference: {fileID: 0}
    - target: {fileID: 6844065814303625135, guid: ac57bcdcc6f4046eea8077eb112d7f67,
        type: 3}
      propertyPath: m_AnchoredPosition.x
      value: 23.7
      objectReference: {fileID: 0}
    - target: {fileID: 6844065814303625135, guid: ac57bcdcc6f4046eea8077eb112d7f67,
        type: 3}
      propertyPath: m_AnchoredPosition.y
      value: -19.7
      objectReference: {fileID: 0}
    - target: {fileID: 6844065814303625135, guid: ac57bcdcc6f4046eea8077eb112d7f67,
        type: 3}
      propertyPath: m_SizeDelta.x
      value: 164.7
      objectReference: {fileID: 0}
    - target: {fileID: 6844065814303625135, guid: ac57bcdcc6f4046eea8077eb112d7f67,
        type: 3}
      propertyPath: m_SizeDelta.y
      value: 164.7
      objectReference: {fileID: 0}
    - target: {fileID: 6844065814303625135, guid: ac57bcdcc6f4046eea8077eb112d7f67,
        type: 3}
      propertyPath: m_AnchorMin.x
      value: 0
      objectReference: {fileID: 0}
    - target: {fileID: 6844065814303625135, guid: ac57bcdcc6f4046eea8077eb112d7f67,
        type: 3}
      propertyPath: m_AnchorMin.y
      value: 1
      objectReference: {fileID: 0}
    - target: {fileID: 6844065814303625135, guid: ac57bcdcc6f4046eea8077eb112d7f67,
        type: 3}
      propertyPath: m_AnchorMax.x
      value: 0
      objectReference: {fileID: 0}
    - target: {fileID: 6844065814303625135, guid: ac57bcdcc6f4046eea8077eb112d7f67,
        type: 3}
      propertyPath: m_AnchorMax.y
      value: 1
      objectReference: {fileID: 0}
    - target: {fileID: 6844065814303625135, guid: ac57bcdcc6f4046eea8077eb112d7f67,
        type: 3}
      propertyPath: m_Pivot.x
      value: 0
      objectReference: {fileID: 0}
    - target: {fileID: 6844065814303625135, guid: ac57bcdcc6f4046eea8077eb112d7f67,
        type: 3}
      propertyPath: m_Pivot.y
      value: 1
      objectReference: {fileID: 0}
    - target: {fileID: 4364532891459075245, guid: ac57bcdcc6f4046eea8077eb112d7f67,
        type: 3}
      propertyPath: m_OnClick.m_PersistentCalls.m_Calls.Array.size
      value: 1
      objectReference: {fileID: 0}
    - target: {fileID: 4364532891459075245, guid: ac57bcdcc6f4046eea8077eb112d7f67,
        type: 3}
      propertyPath: m_OnClick.m_PersistentCalls.m_Calls.Array.data[0].m_Target
      value: 
      objectReference: {fileID: 0}
    - target: {fileID: 4364532891459075245, guid: ac57bcdcc6f4046eea8077eb112d7f67,
        type: 3}
      propertyPath: m_OnClick.m_PersistentCalls.m_Calls.Array.data[0].m_Mode
      value: 1
      objectReference: {fileID: 0}
    - target: {fileID: 4364532891459075245, guid: ac57bcdcc6f4046eea8077eb112d7f67,
        type: 3}
      propertyPath: m_OnClick.m_PersistentCalls.m_Calls.Array.data[0].m_CallState
      value: 2
      objectReference: {fileID: 0}
    - target: {fileID: 4364532891459075245, guid: ac57bcdcc6f4046eea8077eb112d7f67,
        type: 3}
      propertyPath: m_OnClick.m_PersistentCalls.m_Calls.Array.data[0].m_MethodName
      value: CloseSquelettePanel
      objectReference: {fileID: 0}
    - target: {fileID: 4364532891459075245, guid: ac57bcdcc6f4046eea8077eb112d7f67,
        type: 3}
      propertyPath: m_OnClick.m_PersistentCalls.m_Calls.Array.data[0].m_Arguments.m_ObjectArgumentAssemblyTypeName
      value: UnityEngine.Object, UnityEngine
      objectReference: {fileID: 0}
    - target: {fileID: 4364532891459075245, guid: ac57bcdcc6f4046eea8077eb112d7f67,
        type: 3}
      propertyPath: m_OnClick.m_PersistentCalls.m_Calls.Array.data[0].m_Arguments.m_IntArgument
      value: 3
      objectReference: {fileID: 0}
    - target: {fileID: 4364532891459075245, guid: ac57bcdcc6f4046eea8077eb112d7f67,
        type: 3}
      propertyPath: m_OnClick.m_PersistentCalls.m_Calls.Array.data[0].m_Arguments.m_BoolArgument
      value: 0
      objectReference: {fileID: 0}
    - target: {fileID: 6207936311393694579, guid: ac57bcdcc6f4046eea8077eb112d7f67,
        type: 3}
      propertyPath: m_Sprite
      value: 
      objectReference: {fileID: 21300000, guid: 3c7c5b1c2ae65417a95cc9d96f2b2bf4,
        type: 3}
    - target: {fileID: 6207936311393694579, guid: ac57bcdcc6f4046eea8077eb112d7f67,
        type: 3}
      propertyPath: m_Type
      value: 0
      objectReference: {fileID: 0}
    - target: {fileID: 6207936311393694579, guid: ac57bcdcc6f4046eea8077eb112d7f67,
        type: 3}
      propertyPath: m_Color.r
      value: 1
      objectReference: {fileID: 0}
    - target: {fileID: 6207936311393694579, guid: ac57bcdcc6f4046eea8077eb112d7f67,
        type: 3}
      propertyPath: m_Color.g
      value: 1
      objectReference: {fileID: 0}
    - target: {fileID: 6207936311393694579, guid: ac57bcdcc6f4046eea8077eb112d7f67,
        type: 3}
      propertyPath: m_Color.b
      value: 1
      objectReference: {fileID: 0}
    - target: {fileID: 3714700321702358123, guid: ac57bcdcc6f4046eea8077eb112d7f67,
        type: 3}
      propertyPath: m_IsActive
      value: 0
      objectReference: {fileID: 0}
    - target: {fileID: 9070554866031563699, guid: ac57bcdcc6f4046eea8077eb112d7f67,
        type: 3}
      propertyPath: m_fontAsset
      value: 
      objectReference: {fileID: 11400000, guid: deecb7490a80b40249d4791a983944b9,
        type: 2}
    - target: {fileID: 9070554866031563699, guid: ac57bcdcc6f4046eea8077eb112d7f67,
        type: 3}
      propertyPath: m_hasFontAssetChanged
      value: 1
      objectReference: {fileID: 0}
    m_RemovedComponents: []
  m_SourcePrefab: {fileID: 100100000, guid: ac57bcdcc6f4046eea8077eb112d7f67, type: 3}
--- !u!224 &1114102683402136746 stripped
RectTransform:
  m_CorrespondingSourceObject: {fileID: 6844065814303625135, guid: ac57bcdcc6f4046eea8077eb112d7f67,
    type: 3}
  m_PrefabInstance: {fileID: 5876379357337363205}
  m_PrefabAsset: {fileID: 0}
--- !u!1001 &8228715664538806424
PrefabInstance:
  m_ObjectHideFlags: 0
  serializedVersion: 2
  m_Modification:
    m_TransformParent: {fileID: 8228715665438435241}
    m_Modifications:
    - target: {fileID: 5011272448173653316, guid: 99d84538da5534b51a1157a9d31693cf,
        type: 3}
      propertyPath: m_Name
      value: Bu_FosRequirement (3)
      objectReference: {fileID: 0}
    - target: {fileID: 8782025724934909886, guid: 99d84538da5534b51a1157a9d31693cf,
        type: 3}
      propertyPath: m_LocalPosition.x
      value: 0
      objectReference: {fileID: 0}
    - target: {fileID: 8782025724934909886, guid: 99d84538da5534b51a1157a9d31693cf,
        type: 3}
      propertyPath: m_LocalPosition.y
      value: 0
      objectReference: {fileID: 0}
    - target: {fileID: 8782025724934909886, guid: 99d84538da5534b51a1157a9d31693cf,
        type: 3}
      propertyPath: m_LocalPosition.z
      value: 0
      objectReference: {fileID: 0}
    - target: {fileID: 8782025724934909886, guid: 99d84538da5534b51a1157a9d31693cf,
        type: 3}
      propertyPath: m_LocalRotation.x
      value: 0
      objectReference: {fileID: 0}
    - target: {fileID: 8782025724934909886, guid: 99d84538da5534b51a1157a9d31693cf,
        type: 3}
      propertyPath: m_LocalRotation.y
      value: 0
      objectReference: {fileID: 0}
    - target: {fileID: 8782025724934909886, guid: 99d84538da5534b51a1157a9d31693cf,
        type: 3}
      propertyPath: m_LocalRotation.z
      value: 0
      objectReference: {fileID: 0}
    - target: {fileID: 8782025724934909886, guid: 99d84538da5534b51a1157a9d31693cf,
        type: 3}
      propertyPath: m_LocalRotation.w
      value: 1
      objectReference: {fileID: 0}
    - target: {fileID: 8782025724934909886, guid: 99d84538da5534b51a1157a9d31693cf,
        type: 3}
      propertyPath: m_RootOrder
      value: 3
      objectReference: {fileID: 0}
    - target: {fileID: 8782025724934909886, guid: 99d84538da5534b51a1157a9d31693cf,
        type: 3}
      propertyPath: m_LocalEulerAnglesHint.x
      value: 0
      objectReference: {fileID: 0}
    - target: {fileID: 8782025724934909886, guid: 99d84538da5534b51a1157a9d31693cf,
        type: 3}
      propertyPath: m_LocalEulerAnglesHint.y
      value: 0
      objectReference: {fileID: 0}
    - target: {fileID: 8782025724934909886, guid: 99d84538da5534b51a1157a9d31693cf,
        type: 3}
      propertyPath: m_LocalEulerAnglesHint.z
      value: 0
      objectReference: {fileID: 0}
    - target: {fileID: 8782025724934909886, guid: 99d84538da5534b51a1157a9d31693cf,
        type: 3}
      propertyPath: m_AnchoredPosition.x
      value: 0
      objectReference: {fileID: 0}
    - target: {fileID: 8782025724934909886, guid: 99d84538da5534b51a1157a9d31693cf,
        type: 3}
      propertyPath: m_AnchoredPosition.y
      value: 0
      objectReference: {fileID: 0}
    - target: {fileID: 8782025724934909886, guid: 99d84538da5534b51a1157a9d31693cf,
        type: 3}
      propertyPath: m_SizeDelta.x
      value: 0
      objectReference: {fileID: 0}
    - target: {fileID: 8782025724934909886, guid: 99d84538da5534b51a1157a9d31693cf,
        type: 3}
      propertyPath: m_SizeDelta.y
      value: 0
      objectReference: {fileID: 0}
    - target: {fileID: 8782025724934909886, guid: 99d84538da5534b51a1157a9d31693cf,
        type: 3}
      propertyPath: m_AnchorMin.x
      value: 0
      objectReference: {fileID: 0}
    - target: {fileID: 8782025724934909886, guid: 99d84538da5534b51a1157a9d31693cf,
        type: 3}
      propertyPath: m_AnchorMin.y
      value: 0
      objectReference: {fileID: 0}
    - target: {fileID: 8782025724934909886, guid: 99d84538da5534b51a1157a9d31693cf,
        type: 3}
      propertyPath: m_AnchorMax.x
      value: 0
      objectReference: {fileID: 0}
    - target: {fileID: 8782025724934909886, guid: 99d84538da5534b51a1157a9d31693cf,
        type: 3}
      propertyPath: m_AnchorMax.y
      value: 0
      objectReference: {fileID: 0}
    - target: {fileID: 8782025724934909886, guid: 99d84538da5534b51a1157a9d31693cf,
        type: 3}
      propertyPath: m_Pivot.x
      value: 0.5
      objectReference: {fileID: 0}
    - target: {fileID: 8782025724934909886, guid: 99d84538da5534b51a1157a9d31693cf,
        type: 3}
      propertyPath: m_Pivot.y
      value: 0.5
      objectReference: {fileID: 0}
    - target: {fileID: 1959439803716214857, guid: 99d84538da5534b51a1157a9d31693cf,
        type: 3}
      propertyPath: m_TargetGraphic
      value: 
      objectReference: {fileID: 1301086015003096868}
    - target: {fileID: 4680685712449747636, guid: 99d84538da5534b51a1157a9d31693cf,
        type: 3}
      propertyPath: m_AnchoredPosition.y
      value: 0
      objectReference: {fileID: 0}
    - target: {fileID: 8913393565829498578, guid: 99d84538da5534b51a1157a9d31693cf,
        type: 3}
      propertyPath: m_textInfo.characterCount
      value: 4
      objectReference: {fileID: 0}
    - target: {fileID: 8913393565829498578, guid: 99d84538da5534b51a1157a9d31693cf,
        type: 3}
      propertyPath: m_textInfo.wordCount
      value: 2
      objectReference: {fileID: 0}
    - target: {fileID: 8913393565829498578, guid: 99d84538da5534b51a1157a9d31693cf,
        type: 3}
      propertyPath: m_textInfo.lineCount
      value: 1
      objectReference: {fileID: 0}
    - target: {fileID: 8913393565829498578, guid: 99d84538da5534b51a1157a9d31693cf,
        type: 3}
      propertyPath: m_textInfo.pageCount
      value: 1
      objectReference: {fileID: 0}
    m_RemovedComponents: []
  m_SourcePrefab: {fileID: 100100000, guid: 99d84538da5534b51a1157a9d31693cf, type: 3}
--- !u!1 &4015479073392334300 stripped
GameObject:
  m_CorrespondingSourceObject: {fileID: 5011272448173653316, guid: 99d84538da5534b51a1157a9d31693cf,
    type: 3}
  m_PrefabInstance: {fileID: 8228715664538806424}
  m_PrefabAsset: {fileID: 0}
--- !u!224 &851814277509629734 stripped
RectTransform:
  m_CorrespondingSourceObject: {fileID: 8782025724934909886, guid: 99d84538da5534b51a1157a9d31693cf,
    type: 3}
  m_PrefabInstance: {fileID: 8228715664538806424}
  m_PrefabAsset: {fileID: 0}
--- !u!114 &1301086015003096868 stripped
MonoBehaviour:
  m_CorrespondingSourceObject: {fileID: 6934461072061226940, guid: 99d84538da5534b51a1157a9d31693cf,
    type: 3}
  m_PrefabInstance: {fileID: 8228715664538806424}
  m_PrefabAsset: {fileID: 0}
  m_GameObject: {fileID: 4015479073392334300}
  m_Enabled: 1
  m_EditorHideFlags: 0
  m_Script: {fileID: 11500000, guid: fe87c0e1cc204ed48ad3b37840f39efc, type: 3}
  m_Name: 
  m_EditorClassIdentifier: 
--- !u!1001 &8228715665311667271
PrefabInstance:
  m_ObjectHideFlags: 0
  serializedVersion: 2
  m_Modification:
    m_TransformParent: {fileID: 8228715665438435241}
    m_Modifications:
    - target: {fileID: 5011272448173653316, guid: 99d84538da5534b51a1157a9d31693cf,
        type: 3}
      propertyPath: m_Name
      value: Bu_FosRequirement (1)
      objectReference: {fileID: 0}
    - target: {fileID: 8782025724934909886, guid: 99d84538da5534b51a1157a9d31693cf,
        type: 3}
      propertyPath: m_LocalPosition.x
      value: 0
      objectReference: {fileID: 0}
    - target: {fileID: 8782025724934909886, guid: 99d84538da5534b51a1157a9d31693cf,
        type: 3}
      propertyPath: m_LocalPosition.y
      value: 0
      objectReference: {fileID: 0}
    - target: {fileID: 8782025724934909886, guid: 99d84538da5534b51a1157a9d31693cf,
        type: 3}
      propertyPath: m_LocalPosition.z
      value: 0
      objectReference: {fileID: 0}
    - target: {fileID: 8782025724934909886, guid: 99d84538da5534b51a1157a9d31693cf,
        type: 3}
      propertyPath: m_LocalRotation.x
      value: 0
      objectReference: {fileID: 0}
    - target: {fileID: 8782025724934909886, guid: 99d84538da5534b51a1157a9d31693cf,
        type: 3}
      propertyPath: m_LocalRotation.y
      value: 0
      objectReference: {fileID: 0}
    - target: {fileID: 8782025724934909886, guid: 99d84538da5534b51a1157a9d31693cf,
        type: 3}
      propertyPath: m_LocalRotation.z
      value: 0
      objectReference: {fileID: 0}
    - target: {fileID: 8782025724934909886, guid: 99d84538da5534b51a1157a9d31693cf,
        type: 3}
      propertyPath: m_LocalRotation.w
      value: 1
      objectReference: {fileID: 0}
    - target: {fileID: 8782025724934909886, guid: 99d84538da5534b51a1157a9d31693cf,
        type: 3}
      propertyPath: m_RootOrder
      value: 1
      objectReference: {fileID: 0}
    - target: {fileID: 8782025724934909886, guid: 99d84538da5534b51a1157a9d31693cf,
        type: 3}
      propertyPath: m_LocalEulerAnglesHint.x
      value: 0
      objectReference: {fileID: 0}
    - target: {fileID: 8782025724934909886, guid: 99d84538da5534b51a1157a9d31693cf,
        type: 3}
      propertyPath: m_LocalEulerAnglesHint.y
      value: 0
      objectReference: {fileID: 0}
    - target: {fileID: 8782025724934909886, guid: 99d84538da5534b51a1157a9d31693cf,
        type: 3}
      propertyPath: m_LocalEulerAnglesHint.z
      value: 0
      objectReference: {fileID: 0}
    - target: {fileID: 8782025724934909886, guid: 99d84538da5534b51a1157a9d31693cf,
        type: 3}
      propertyPath: m_AnchoredPosition.x
      value: 0
      objectReference: {fileID: 0}
    - target: {fileID: 8782025724934909886, guid: 99d84538da5534b51a1157a9d31693cf,
        type: 3}
      propertyPath: m_AnchoredPosition.y
      value: 0
      objectReference: {fileID: 0}
    - target: {fileID: 8782025724934909886, guid: 99d84538da5534b51a1157a9d31693cf,
        type: 3}
      propertyPath: m_SizeDelta.x
      value: 0
      objectReference: {fileID: 0}
    - target: {fileID: 8782025724934909886, guid: 99d84538da5534b51a1157a9d31693cf,
        type: 3}
      propertyPath: m_SizeDelta.y
      value: 0
      objectReference: {fileID: 0}
    - target: {fileID: 8782025724934909886, guid: 99d84538da5534b51a1157a9d31693cf,
        type: 3}
      propertyPath: m_AnchorMin.x
      value: 0
      objectReference: {fileID: 0}
    - target: {fileID: 8782025724934909886, guid: 99d84538da5534b51a1157a9d31693cf,
        type: 3}
      propertyPath: m_AnchorMin.y
      value: 0
      objectReference: {fileID: 0}
    - target: {fileID: 8782025724934909886, guid: 99d84538da5534b51a1157a9d31693cf,
        type: 3}
      propertyPath: m_AnchorMax.x
      value: 0
      objectReference: {fileID: 0}
    - target: {fileID: 8782025724934909886, guid: 99d84538da5534b51a1157a9d31693cf,
        type: 3}
      propertyPath: m_AnchorMax.y
      value: 0
      objectReference: {fileID: 0}
    - target: {fileID: 8782025724934909886, guid: 99d84538da5534b51a1157a9d31693cf,
        type: 3}
      propertyPath: m_Pivot.x
      value: 0.5
      objectReference: {fileID: 0}
    - target: {fileID: 8782025724934909886, guid: 99d84538da5534b51a1157a9d31693cf,
        type: 3}
      propertyPath: m_Pivot.y
      value: 0.5
      objectReference: {fileID: 0}
    - target: {fileID: 1959439803716214857, guid: 99d84538da5534b51a1157a9d31693cf,
        type: 3}
      propertyPath: m_TargetGraphic
      value: 
      objectReference: {fileID: 1301086013625715707}
    - target: {fileID: 4680685712449747636, guid: 99d84538da5534b51a1157a9d31693cf,
        type: 3}
      propertyPath: m_AnchoredPosition.y
      value: 0
      objectReference: {fileID: 0}
    - target: {fileID: 8913393565829498578, guid: 99d84538da5534b51a1157a9d31693cf,
        type: 3}
      propertyPath: m_textInfo.characterCount
      value: 4
      objectReference: {fileID: 0}
    - target: {fileID: 8913393565829498578, guid: 99d84538da5534b51a1157a9d31693cf,
        type: 3}
      propertyPath: m_textInfo.wordCount
      value: 2
      objectReference: {fileID: 0}
    - target: {fileID: 8913393565829498578, guid: 99d84538da5534b51a1157a9d31693cf,
        type: 3}
      propertyPath: m_textInfo.lineCount
      value: 1
      objectReference: {fileID: 0}
    - target: {fileID: 8913393565829498578, guid: 99d84538da5534b51a1157a9d31693cf,
        type: 3}
      propertyPath: m_textInfo.pageCount
      value: 1
      objectReference: {fileID: 0}
    m_RemovedComponents: []
  m_SourcePrefab: {fileID: 100100000, guid: 99d84538da5534b51a1157a9d31693cf, type: 3}
--- !u!1 &4015479074231134467 stripped
GameObject:
  m_CorrespondingSourceObject: {fileID: 5011272448173653316, guid: 99d84538da5534b51a1157a9d31693cf,
    type: 3}
  m_PrefabInstance: {fileID: 8228715665311667271}
  m_PrefabAsset: {fileID: 0}
--- !u!224 &851814278885178361 stripped
RectTransform:
  m_CorrespondingSourceObject: {fileID: 8782025724934909886, guid: 99d84538da5534b51a1157a9d31693cf,
    type: 3}
  m_PrefabInstance: {fileID: 8228715665311667271}
  m_PrefabAsset: {fileID: 0}
--- !u!114 &1301086013625715707 stripped
MonoBehaviour:
  m_CorrespondingSourceObject: {fileID: 6934461072061226940, guid: 99d84538da5534b51a1157a9d31693cf,
    type: 3}
  m_PrefabInstance: {fileID: 8228715665311667271}
  m_PrefabAsset: {fileID: 0}
  m_GameObject: {fileID: 4015479074231134467}
  m_Enabled: 1
  m_EditorHideFlags: 0
  m_Script: {fileID: 11500000, guid: fe87c0e1cc204ed48ad3b37840f39efc, type: 3}
  m_Name: 
  m_EditorClassIdentifier: 
--- !u!1001 &8228715665539843236
PrefabInstance:
  m_ObjectHideFlags: 0
  serializedVersion: 2
  m_Modification:
    m_TransformParent: {fileID: 8228715665438435241}
    m_Modifications:
    - target: {fileID: 5011272448173653316, guid: 99d84538da5534b51a1157a9d31693cf,
        type: 3}
      propertyPath: m_Name
      value: Bu_FosRequirement (2)
      objectReference: {fileID: 0}
    - target: {fileID: 8782025724934909886, guid: 99d84538da5534b51a1157a9d31693cf,
        type: 3}
      propertyPath: m_LocalPosition.x
      value: 0
      objectReference: {fileID: 0}
    - target: {fileID: 8782025724934909886, guid: 99d84538da5534b51a1157a9d31693cf,
        type: 3}
      propertyPath: m_LocalPosition.y
      value: 0
      objectReference: {fileID: 0}
    - target: {fileID: 8782025724934909886, guid: 99d84538da5534b51a1157a9d31693cf,
        type: 3}
      propertyPath: m_LocalPosition.z
      value: 0
      objectReference: {fileID: 0}
    - target: {fileID: 8782025724934909886, guid: 99d84538da5534b51a1157a9d31693cf,
        type: 3}
      propertyPath: m_LocalRotation.x
      value: 0
      objectReference: {fileID: 0}
    - target: {fileID: 8782025724934909886, guid: 99d84538da5534b51a1157a9d31693cf,
        type: 3}
      propertyPath: m_LocalRotation.y
      value: 0
      objectReference: {fileID: 0}
    - target: {fileID: 8782025724934909886, guid: 99d84538da5534b51a1157a9d31693cf,
        type: 3}
      propertyPath: m_LocalRotation.z
      value: 0
      objectReference: {fileID: 0}
    - target: {fileID: 8782025724934909886, guid: 99d84538da5534b51a1157a9d31693cf,
        type: 3}
      propertyPath: m_LocalRotation.w
      value: 1
      objectReference: {fileID: 0}
    - target: {fileID: 8782025724934909886, guid: 99d84538da5534b51a1157a9d31693cf,
        type: 3}
      propertyPath: m_RootOrder
      value: 2
      objectReference: {fileID: 0}
    - target: {fileID: 8782025724934909886, guid: 99d84538da5534b51a1157a9d31693cf,
        type: 3}
      propertyPath: m_LocalEulerAnglesHint.x
      value: 0
      objectReference: {fileID: 0}
    - target: {fileID: 8782025724934909886, guid: 99d84538da5534b51a1157a9d31693cf,
        type: 3}
      propertyPath: m_LocalEulerAnglesHint.y
      value: 0
      objectReference: {fileID: 0}
    - target: {fileID: 8782025724934909886, guid: 99d84538da5534b51a1157a9d31693cf,
        type: 3}
      propertyPath: m_LocalEulerAnglesHint.z
      value: 0
      objectReference: {fileID: 0}
    - target: {fileID: 8782025724934909886, guid: 99d84538da5534b51a1157a9d31693cf,
        type: 3}
      propertyPath: m_AnchoredPosition.x
      value: 0
      objectReference: {fileID: 0}
    - target: {fileID: 8782025724934909886, guid: 99d84538da5534b51a1157a9d31693cf,
        type: 3}
      propertyPath: m_AnchoredPosition.y
      value: 0
      objectReference: {fileID: 0}
    - target: {fileID: 8782025724934909886, guid: 99d84538da5534b51a1157a9d31693cf,
        type: 3}
      propertyPath: m_SizeDelta.x
      value: 0
      objectReference: {fileID: 0}
    - target: {fileID: 8782025724934909886, guid: 99d84538da5534b51a1157a9d31693cf,
        type: 3}
      propertyPath: m_SizeDelta.y
      value: 0
      objectReference: {fileID: 0}
    - target: {fileID: 8782025724934909886, guid: 99d84538da5534b51a1157a9d31693cf,
        type: 3}
      propertyPath: m_AnchorMin.x
      value: 0
      objectReference: {fileID: 0}
    - target: {fileID: 8782025724934909886, guid: 99d84538da5534b51a1157a9d31693cf,
        type: 3}
      propertyPath: m_AnchorMin.y
      value: 0
      objectReference: {fileID: 0}
    - target: {fileID: 8782025724934909886, guid: 99d84538da5534b51a1157a9d31693cf,
        type: 3}
      propertyPath: m_AnchorMax.x
      value: 0
      objectReference: {fileID: 0}
    - target: {fileID: 8782025724934909886, guid: 99d84538da5534b51a1157a9d31693cf,
        type: 3}
      propertyPath: m_AnchorMax.y
      value: 0
      objectReference: {fileID: 0}
    - target: {fileID: 8782025724934909886, guid: 99d84538da5534b51a1157a9d31693cf,
        type: 3}
      propertyPath: m_Pivot.x
      value: 0.5
      objectReference: {fileID: 0}
    - target: {fileID: 8782025724934909886, guid: 99d84538da5534b51a1157a9d31693cf,
        type: 3}
      propertyPath: m_Pivot.y
      value: 0.5
      objectReference: {fileID: 0}
    - target: {fileID: 1959439803716214857, guid: 99d84538da5534b51a1157a9d31693cf,
        type: 3}
      propertyPath: m_TargetGraphic
      value: 
      objectReference: {fileID: 1301086014001519384}
    - target: {fileID: 4680685712449747636, guid: 99d84538da5534b51a1157a9d31693cf,
        type: 3}
      propertyPath: m_AnchoredPosition.y
      value: 0
      objectReference: {fileID: 0}
    - target: {fileID: 8913393565829498578, guid: 99d84538da5534b51a1157a9d31693cf,
        type: 3}
      propertyPath: m_textInfo.characterCount
      value: 4
      objectReference: {fileID: 0}
    - target: {fileID: 8913393565829498578, guid: 99d84538da5534b51a1157a9d31693cf,
        type: 3}
      propertyPath: m_textInfo.wordCount
      value: 2
      objectReference: {fileID: 0}
    - target: {fileID: 8913393565829498578, guid: 99d84538da5534b51a1157a9d31693cf,
        type: 3}
      propertyPath: m_textInfo.lineCount
      value: 1
      objectReference: {fileID: 0}
    - target: {fileID: 8913393565829498578, guid: 99d84538da5534b51a1157a9d31693cf,
        type: 3}
      propertyPath: m_textInfo.pageCount
      value: 1
      objectReference: {fileID: 0}
    m_RemovedComponents: []
  m_SourcePrefab: {fileID: 100100000, guid: 99d84538da5534b51a1157a9d31693cf, type: 3}
--- !u!1 &4015479074392013280 stripped
GameObject:
  m_CorrespondingSourceObject: {fileID: 5011272448173653316, guid: 99d84538da5534b51a1157a9d31693cf,
    type: 3}
  m_PrefabInstance: {fileID: 8228715665539843236}
  m_PrefabAsset: {fileID: 0}
--- !u!224 &851814278643559194 stripped
RectTransform:
  m_CorrespondingSourceObject: {fileID: 8782025724934909886, guid: 99d84538da5534b51a1157a9d31693cf,
    type: 3}
  m_PrefabInstance: {fileID: 8228715665539843236}
  m_PrefabAsset: {fileID: 0}
--- !u!114 &1301086014001519384 stripped
MonoBehaviour:
  m_CorrespondingSourceObject: {fileID: 6934461072061226940, guid: 99d84538da5534b51a1157a9d31693cf,
    type: 3}
  m_PrefabInstance: {fileID: 8228715665539843236}
  m_PrefabAsset: {fileID: 0}
  m_GameObject: {fileID: 4015479074392013280}
  m_Enabled: 1
  m_EditorHideFlags: 0
  m_Script: {fileID: 11500000, guid: fe87c0e1cc204ed48ad3b37840f39efc, type: 3}
  m_Name: 
  m_EditorClassIdentifier: 
